
  <record>
    <leader>00947cam a2200265 a 4500</leader>
    <controlfield tag="001">a345228</controlfield>
    <controlfield tag="008">891204s1990    ru            000 0 rus  </controlfield>
    <datafield tag="245" ind1="1" ind2="0">
      <subfield code="a">ART = Art &amp; Architecture stacks</subfield>
    </datafield>
    <datafield tag="999" ind1=" " ind2=" ">
      <subfield code="a">D764.7 .K72 1990</subfield>
      <subfield code="w">LC</subfield>
      <subfield code="c">1</subfield>
      <subfield code="i">36105043140537</subfield>
      <subfield code="d">8/6/1996</subfield>
      <subfield code="l">STACKS</subfield>
      <subfield code="m">ART</subfield>
      <subfield code="p">$40.00</subfield>
      <subfield code="r">Y</subfield>
      <subfield code="s">Y</subfield>
      <subfield code="t">STKS-MONO</subfield>
      <subfield code="u">4/27/1989</subfield>
      <subfield code="o">.TECHSTAFF. c:lr</subfield>
    </datafield>
  </record>