
  <record>
    <leader>00715cam a2200205   4500</leader>
    <controlfield tag="001">a690002</controlfield>
    <controlfield tag="008">711019s1955    xx            000 0 eng u</controlfield>
    <datafield tag="245" ind1="1" ind2="0">
      <subfield code="a">SAL3 = Off-campus (SAL3) stacks</subfield>
    </datafield>
    <datafield tag="999" ind1=" " ind2=" ">
      <subfield code="a">159.32 .W211</subfield>
      <subfield code="w">DEWEY</subfield>
      <subfield code="c">1</subfield>
      <subfield code="i">36105046693508</subfield>
      <subfield code="d">8/6/1996</subfield>
      <subfield code="l">STACKS</subfield>
      <subfield code="m">SAL3</subfield>
      <subfield code="p">$40.00</subfield>
      <subfield code="r">Y</subfield>
      <subfield code="s">Y</subfield>
      <subfield code="t">STKS-MONO</subfield>
      <subfield code="u">10/19/1971</subfield>
      <subfield code="o">.TECHSTAFF. tf:SAL 04/07/05 batch</subfield>
    </datafield>
  </record>