
  <record>
    <leader>01151cam a2200277 i 4500</leader>
    <controlfield tag="001">a804724</controlfield>
    <controlfield tag="008">800812s1979    ilu      b    000 0 eng  </controlfield>
    <datafield tag="245" ind1="1" ind2="0">
      <subfield code="a">SAL-NEWARK = Off-campus (Newark) stacks</subfield>
    </datafield>
    <datafield tag="999" ind1=" " ind2=" ">
      <subfield code="a">Z7164.T23.W45</subfield>
      <subfield code="w">LC</subfield>
      <subfield code="c">1</subfield>
      <subfield code="i">36105035887392</subfield>
      <subfield code="d">4/30/1998</subfield>
      <subfield code="e">2/20/1995</subfield>
      <subfield code="l">STACKS</subfield>
      <subfield code="m">SAL-NEWARK</subfield>
      <subfield code="p">$40.00</subfield>
      <subfield code="q">1</subfield>
      <subfield code="r">Y</subfield>
      <subfield code="s">Y</subfield>
      <subfield code="t">STKS-MONO</subfield>
      <subfield code="u">8/12/1980</subfield>
      <subfield code="o">.TECHSTAFF. 910824</subfield>
      <subfield code="o">.TECHSTAFF. tf:GREEN 09/01 batch</subfield>
      <subfield code="o">.TECHSTAFF. tf:SAL-NEWARK 04/04 batch</subfield>
    </datafield>
  </record>