
  <record>
    <leader>00880cam a2200217 i 4500</leader>
    <controlfield tag="001">a919006</controlfield>
    <controlfield tag="008">770207r19771901gw       b    001 0 ger d</controlfield>
    <datafield tag="245" ind1="1" ind2="0">
      <subfield code="a">CHEMCHMENG = Swain (Chemistry &amp; Chem. Engineering) stacks</subfield>
    </datafield>
    <datafield tag="999" ind1=" " ind2=" ">
      <subfield code="a">PA3998 .H2 O5 1977</subfield>
      <subfield code="w">LC</subfield>
      <subfield code="c">1</subfield>
      <subfield code="i">36105036688153</subfield>
      <subfield code="d">4/19/2000</subfield>
      <subfield code="e">8/30/1997</subfield>
      <subfield code="l">STACKS</subfield>
      <subfield code="m">CHEMCHMENG</subfield>
      <subfield code="n">10</subfield>
      <subfield code="p">$40.00</subfield>
      <subfield code="r">Y</subfield>
      <subfield code="s">Y</subfield>
      <subfield code="t">STKS-MONO</subfield>
      <subfield code="u">2/7/1977</subfield>
      <subfield code="o">.TECHSTAFF. 910824</subfield>
    </datafield>
  </record>