
  <record>
    <leader>01081cam a2200277ua 4500</leader>
    <controlfield tag="001">a1505065</controlfield>
    <controlfield tag="008">830617s1983    nyuah         001 0 eng  </controlfield>
    <datafield tag="245" ind1="1" ind2="4">
      <subfield code="a">EARTH-SCI = Branner (Earth Sciences &amp; Maps) stacks</subfield>
    </datafield>
    <datafield tag="999" ind1=" " ind2=" ">
      <subfield code="a">TD811.5 .G76 1983</subfield>
      <subfield code="w">LC</subfield>
      <subfield code="c">1</subfield>
      <subfield code="i">36105039395095</subfield>
      <subfield code="d">3/13/1996</subfield>
      <subfield code="e">3/13/1996</subfield>
      <subfield code="l">STACKS</subfield>
      <subfield code="m">EARTH-SCI</subfield>
      <subfield code="p">$40.00</subfield>
      <subfield code="q">2</subfield>
      <subfield code="r">Y</subfield>
      <subfield code="s">Y</subfield>
      <subfield code="t">STKS-MONO</subfield>
      <subfield code="u">6/17/1983</subfield>
      <subfield code="o">.TECHSTAFF. CAT: CABG: Dewey call no. MEy 910907/i:mjd</subfield>
    </datafield>
  </record>