
  <record>
    <leader>00731cam a2200181 a 4500</leader>
    <controlfield tag="001">a1618836</controlfield>
    <controlfield tag="008">860425s1983    sp a          000 1 spa d</controlfield>
    <datafield tag="245" ind1="1" ind2="4">
      <subfield code="a">EDUCATION = Cubberley (Education) stacks</subfield>
    </datafield>
    <datafield tag="999" ind1=" " ind2=" ">
      <subfield code="a">PQ6666.E7484 B4 1983</subfield>
      <subfield code="w">LC</subfield>
      <subfield code="c">1</subfield>
      <subfield code="i">36105040261765</subfield>
      <subfield code="d">5/21/1998</subfield>
      <subfield code="l">STACKS</subfield>
      <subfield code="m">EDUCATION</subfield>
      <subfield code="p">$40.00</subfield>
      <subfield code="r">Y</subfield>
      <subfield code="s">Y</subfield>
      <subfield code="t">STKS-MONO</subfield>
      <subfield code="u">4/25/1986</subfield>
      <subfield code="o">.TECHSTAFF. CAT: ns 910907</subfield>
    </datafield>
  </record>