
  <record>
    <leader>01149nam a22002891  4500</leader>
    <controlfield tag="001">a1732616</controlfield>
    <controlfield tag="008">840514s1962    enk      b    000 0 eng  </controlfield>
    <datafield tag="245" ind1="1" ind2="0">
      <subfield code="a">MATH-CS = Mathematical &amp; Computer Sciences stacks</subfield>
    </datafield>
    <datafield tag="999" ind1=" " ind2=" ">
      <subfield code="a">QA273 .C83 1962</subfield>
      <subfield code="w">LC</subfield>
      <subfield code="c">1</subfield>
      <subfield code="i">36105033142303</subfield>
      <subfield code="d">10/22/2003</subfield>
      <subfield code="e">3/13/1995</subfield>
      <subfield code="l">STACKS</subfield>
      <subfield code="m">MATH-CS</subfield>
      <subfield code="n">1</subfield>
      <subfield code="p">$40.00</subfield>
      <subfield code="q">6</subfield>
      <subfield code="r">Y</subfield>
      <subfield code="s">Y</subfield>
      <subfield code="t">STKS</subfield>
      <subfield code="u">5/14/1984</subfield>
    </datafield>
  </record>