
  <record>
    <leader>00827nam a2200217 a 4500</leader>
    <controlfield tag="001">a1849258</controlfield>
    <controlfield tag="008">860314s1924    enka     b    001 0 eng d</controlfield>
    <datafield tag="245" ind1="1" ind2="4">
      <subfield code="a">ENG = Engineering stacks</subfield>
    </datafield>
    <datafield tag="999" ind1=" " ind2=" ">
      <subfield code="a">352.042 .C594 ED.2</subfield>
      <subfield code="w">DEWEY</subfield>
      <subfield code="c">1</subfield>
      <subfield code="i">36105047516096</subfield>
      <subfield code="d">8/7/1996</subfield>
      <subfield code="l">STACKS</subfield>
      <subfield code="m">ENG</subfield>
      <subfield code="p">$40.00</subfield>
      <subfield code="r">Y</subfield>
      <subfield code="s">Y</subfield>
      <subfield code="t">STKS-MONO</subfield>
      <subfield code="u">3/14/1986</subfield>
      <subfield code="o">.TECHSTAFF. tf:SAL 06/17/05 batch</subfield>
    </datafield>
  </record>