
  <record>
    <leader>01139cam a2200229 i 4500</leader>
    <controlfield tag="001">a1962398</controlfield>
    <controlfield tag="008">790220||||||||||||           ||| | eng  </controlfield>
    <datafield tag="245" ind1="1" ind2="2">
      <subfield code="a">SAL SAL-PAGE</subfield>
    </datafield>
    <datafield tag="999" ind1=" " ind2=" ">
      <subfield code="a">Z3871.Z8</subfield>
      <subfield code="w">LC</subfield>
      <subfield code="c">1</subfield>
      <subfield code="i">36105082101390</subfield>
      <subfield code="d">8/7/1996</subfield>
      <subfield code="l">SAL-PAGE</subfield>
      <subfield code="m">SAL</subfield>
      <subfield code="p">$40.00</subfield>
      <subfield code="r">Y</subfield>
      <subfield code="s">Y</subfield>
      <subfield code="t">STKS-MONO</subfield>
      <subfield code="u">2/20/1979</subfield>
      <subfield code="o">.TECHSTAFF. tf:HOOVER 06/29/05 batch</subfield>
      <subfield code="o">.TECHSTAFF. 911019</subfield>
    </datafield>
  </record>