
  <record>
    <leader>01270cam a2200313 a 4500</leader>
    <controlfield tag="001">a2678655</controlfield>
    <controlfield tag="008">850719s1985    dcua     b   f000 0 eng d</controlfield>
    <datafield tag="245" ind1="0" ind2="0">
      <subfield code="a">JACKSON = Jackson (Business) stacks</subfield>
    </datafield>
    <datafield tag="999" ind1=" " ind2=" ">
      <subfield code="a">GA 1.13:RCED-85-88</subfield>
      <subfield code="w">SUDOC</subfield>
      <subfield code="c">1</subfield>
      <subfield code="i">001ANE5736</subfield>
      <subfield code="d">11/27/1998</subfield>
      <subfield code="l">STACKS</subfield>
      <subfield code="m">JACKSON</subfield>
      <subfield code="p">$40.00</subfield>
      <subfield code="r">Y</subfield>
      <subfield code="s">Y</subfield>
      <subfield code="t">GOVSTKS</subfield>
      <subfield code="u">7/19/1985</subfield>
      <subfield code="x">MARCIVE</subfield>
      <subfield code="o">.TECHSTAFF. tf:GOV-DOCS 11/98 batch</subfield>
    </datafield>
  </record>