
  <record>
    <leader>01341nam a2200289 a 4500</leader>
    <controlfield tag="001">a2797607</controlfield>
    <controlfield tag="008">940412s1993    gw c     b    001 0 ger c</controlfield>
    <datafield tag="245" ind1="1" ind2="0">
      <subfield code="a">MEYER = Meyer stacks</subfield>
    </datafield>
    <datafield tag="999" ind1=" " ind2=" ">
      <subfield code="a">B781 .A33 I55 1993</subfield>
      <subfield code="w">LC</subfield>
      <subfield code="c">1</subfield>
      <subfield code="i">36105004381195</subfield>
      <subfield code="d">8/25/1997</subfield>
      <subfield code="e">2/8/1994</subfield>
      <subfield code="l">STACKS</subfield>
      <subfield code="m">MEYER</subfield>
      <subfield code="p">$40.00</subfield>
      <subfield code="q">2</subfield>
      <subfield code="r">Y</subfield>
      <subfield code="s">Y</subfield>
      <subfield code="t">STKS-MONO</subfield>
      <subfield code="u">1/12/1994</subfield>
      <subfield code="o">.TECHSTAFF. tf:GREEN 07/29/05 batch</subfield>
      <subfield code="o">.TECHSTAFF. c:skt</subfield>
      <subfield code="o">.TECHSTAFF. CIRC.TO PUB-TECH 7/17/97.</subfield>
    </datafield>
  </record>