
  <record>
    <leader>00829cam a2200241   4500</leader>
    <controlfield tag="001">a2913114</controlfield>
    <controlfield tag="008">710329s1971    nyu      b    001 0 eng  </controlfield>
    <datafield tag="245" ind1="1" ind2="0">
      <subfield code="a">sal sal-page</subfield>
    </datafield>
    <datafield tag="999" ind1=" " ind2=" ">
      <subfield code="a">DS135 .P6 I65</subfield>
      <subfield code="w">LC</subfield>
      <subfield code="c">1</subfield>
      <subfield code="i">36105082973251</subfield>
      <subfield code="d">10/3/2007</subfield>
      <subfield code="e">9/25/2007</subfield>
      <subfield code="l">SAL-PAGE</subfield>
      <subfield code="m">SAL</subfield>
      <subfield code="p">$40.00</subfield>
      <subfield code="r">Y</subfield>
      <subfield code="s">Y</subfield>
      <subfield code="t">STKS-MONO</subfield>
      <subfield code="u">3/29/1971</subfield>
      <subfield code="z">DIGI-SENT</subfield>
      <subfield code="o">.TECHSTAFF. tf:HOOVER 04/06/05 batch</subfield>
      <subfield code="o">.TECHSTAFF. rcp1936</subfield>
    </datafield>
  </record>