
  <record>
    <leader>01400nam a2200397 a 4500</leader>
    <controlfield tag="001">a3027805</controlfield>
    <controlfield tag="008">950630s1995    it            000 0 ita  </controlfield>
    <datafield tag="245" ind1="1" ind2="0">
      <subfield code="a">HOPKINS = Miller (Hopkins Marine Station) stacks</subfield>
    </datafield>
    <datafield tag="999" ind1=" " ind2=" ">
      <subfield code="a">DG579 .A5 A5 1995</subfield>
      <subfield code="w">LC</subfield>
      <subfield code="c">1</subfield>
      <subfield code="i">36105016935392</subfield>
      <subfield code="d">1/31/2003</subfield>
      <subfield code="e">11/25/2002</subfield>
      <subfield code="l">STACKS</subfield>
      <subfield code="m">HOPKINS</subfield>
      <subfield code="n">1</subfield>
      <subfield code="q">1</subfield>
      <subfield code="r">Y</subfield>
      <subfield code="s">Y</subfield>
      <subfield code="t">STKS-MONO</subfield>
      <subfield code="u">9/1/1997</subfield>
      <subfield code="o">.TECHSTAFF. c:srk</subfield>
    </datafield>
  </record>