
  <record>
    <leader>00756nam a2200205 a 4500</leader>
    <controlfield tag="001">a3142611</controlfield>
    <controlfield tag="008">920617s1978    cau           000 0 eng c</controlfield>
    <datafield tag="245" ind1="1" ind2="0">
      <subfield code="a">Physics stacks</subfield>
    </datafield>
    <datafield tag="999" ind1=" " ind2=" ">
      <subfield code="a">PS3553 .L337 F76 1978</subfield>
      <subfield code="w">LC</subfield>
      <subfield code="c">1</subfield>
      <subfield code="i">36105017175519</subfield>
      <subfield code="d">6/13/1999</subfield>
      <subfield code="e">6/17/1996</subfield>
      <subfield code="l">STACKS</subfield>
      <subfield code="m">PHYSICS</subfield>
      <subfield code="r">Y</subfield>
      <subfield code="s">Y</subfield>
      <subfield code="t">STKS-MONO</subfield>
      <subfield code="u">8/13/1997</subfield>
      <subfield code="o">.TECHSTAFF. tf:GREEN 10/10/05 batch</subfield>
      <subfield code="o">.TECHSTAFF. mc level 3 vtd 01/12/2001</subfield>
      <subfield code="o">.TECHSTAFF.  6/12/01 (BL)</subfield>
    </datafield>
  </record>