
  <record>
    <leader>00679nam a22001935a 4500</leader>
    <controlfield tag="001">a3277173</controlfield>
    <controlfield tag="008">910725s1991    fr af         00000 fre  </controlfield>
    <datafield tag="245" ind1="1" ind2="4">
      <subfield code="a">withdrawn green stacks</subfield>
    </datafield>
    <datafield tag="999" ind1=" " ind2=" ">
      <subfield code="a">WDRNALW4497</subfield>
      <subfield code="w">ASIS</subfield>
      <subfield code="c">1</subfield>
      <subfield code="i">001ALW4497</subfield>
      <subfield code="d">8/30/1996</subfield>
      <subfield code="k">WITHDRAWN</subfield>
      <subfield code="l">STACKS</subfield>
      <subfield code="m">GREEN</subfield>
      <subfield code="p">$40.00</subfield>
      <subfield code="r">Y</subfield>
      <subfield code="s">Y</subfield>
      <subfield code="t">STKS-MONO</subfield>
      <subfield code="u">10/14/1992</subfield>
    </datafield>
  </record>