
  <record>
    <leader>00755cam a2200229I  4500</leader>
    <controlfield tag="001">a3743949</controlfield>
    <controlfield tag="008">730111s1971    fr f     b    000 0 spa  </controlfield>
    <datafield tag="245" ind1="1" ind2="3">
      <subfield code="a">Hoover Institution stacks</subfield>
    </datafield>
    <datafield tag="999" ind1=" " ind2=" ">
      <subfield code="a">PQ6613 .A73 G44</subfield>
      <subfield code="w">LC</subfield>
      <subfield code="c">1</subfield>
      <subfield code="i">3743949-1001</subfield>
      <subfield code="d">12/3/1997</subfield>
      <subfield code="l">STACKS</subfield>
      <subfield code="m">HOOVER</subfield>
      <subfield code="r">Y</subfield>
      <subfield code="s">Y</subfield>
      <subfield code="t">STKS</subfield>
      <subfield code="u">12/3/1997</subfield>
    </datafield>
  </record>