
  <record>
    <leader>00974pam a2200253 a 4500</leader>
    <controlfield tag="001">a3941911</controlfield>
    <controlfield tag="008">971224s1998    nyu           000 1 eng  </controlfield>
    <datafield tag="245" ind1="1" ind2="0">
      <subfield code="a">green bender; sal3 stacks</subfield>
    </datafield>
    <datafield tag="999" ind1=" " ind2=" ">
      <subfield code="a">PS3557 .O5829 K3 1998</subfield>
      <subfield code="w">LC</subfield>
      <subfield code="c">2</subfield>
      <subfield code="i">36105025373064</subfield>
      <subfield code="l">BENDER</subfield>
      <subfield code="m">GREEN</subfield>
      <subfield code="r">Y</subfield>
      <subfield code="s">Y</subfield>
      <subfield code="t">NONCIRC</subfield>
      <subfield code="u">2/19/2002</subfield>
      <subfield code="o">.TECHSTAFF. i:ems2/19/2002</subfield>
    </datafield>
    <datafield tag="999" ind1=" " ind2=" ">
      <subfield code="a">PS3557 .O5829 K3 1998</subfield>
      <subfield code="w">LC</subfield>
      <subfield code="c">1</subfield>
      <subfield code="i">36105019748495</subfield>
      <subfield code="d">5/18/2006</subfield>
      <subfield code="e">4/26/2006</subfield>
      <subfield code="l">STACKS</subfield>
      <subfield code="m">SAL3</subfield>
      <subfield code="n">18</subfield>
      <subfield code="r">Y</subfield>
      <subfield code="s">Y</subfield>
      <subfield code="t">STKS-MONO</subfield>
      <subfield code="u">9/8/1998</subfield>
      <subfield code="z">TAX=8.25</subfield>
      <subfield code="o">.TECHSTAFF. tf:GREEN 10/22/05 batch</subfield>
      <subfield code="o">.TECHSTAFF. EDI receipt/c:jkg</subfield>
      <subfield code="o">.TECHSTAFF. SD.10/28/00;</subfield>
    </datafield>
  </record>