
  <record>
    <leader>01823cas a22004457a 4500</leader>
    <controlfield tag="001">a4114632</controlfield>
    <controlfield tag="008">961105d19961996dcuuuu       f0    0eng d</controlfield>
    <datafield tag="245" ind1="0" ind2="0">
      <subfield code="a">green fed-docs</subfield>
    </datafield>
    <datafield tag="999" ind1=" " ind2=" ">
      <subfield code="a">ITC 1.15/3:</subfield>
      <subfield code="w">SUDOC</subfield>
      <subfield code="c">1</subfield>
      <subfield code="i">4114632-1001</subfield>
      <subfield code="d">7/12/1999</subfield>
      <subfield code="l">FED-DOCS</subfield>
      <subfield code="m">GREEN</subfield>
      <subfield code="r">Y</subfield>
      <subfield code="s">Y</subfield>
      <subfield code="t">GOVSTKS</subfield>
      <subfield code="u">7/12/1999</subfield>
      <subfield code="x">MARCIVE</subfield>
    </datafield>
  </record>