
  <record>
    <leader>01458nam a22003497a 4500</leader>
    <controlfield tag="001">a4258089</controlfield>
    <controlfield tag="008">991005s1997    dcu     b    f000 0 eng d</controlfield>
    <datafield tag="245" ind1="0" ind2="2">
      <subfield code="a">SPEC-COLL = Special Collections &amp; University Archives</subfield>
    </datafield>
    <datafield tag="999" ind1=" " ind2=" ">
      <subfield code="a">NAS 1.26:205100</subfield>
      <subfield code="w">SUDOC</subfield>
      <subfield code="c">1</subfield>
      <subfield code="i">4258089-1001</subfield>
      <subfield code="l">STACKS</subfield>
      <subfield code="m">SPEC-COLL</subfield>
      <subfield code="r">Y</subfield>
      <subfield code="s">Y</subfield>
      <subfield code="t">GOVSTKS</subfield>
      <subfield code="u">11/11/1999</subfield>
      <subfield code="x">MARCIVE</subfield>
    </datafield>
  </record>