
  <record>
    <leader>01260cam a2200349 a 4500</leader>
    <controlfield tag="001">a4428936</controlfield>
    <controlfield tag="008">000828s2000    it       b    000 0 ita c</controlfield>
    <datafield tag="245" ind1="0" ind2="3">
      <subfield code="a">TANNER = Tanner (Philosophy) stacks</subfield>
    </datafield>
    <datafield tag="999" ind1=" " ind2=" ">
      <subfield code="a">PN1993.5 .I88 C5618 2000</subfield>
      <subfield code="w">LC</subfield>
      <subfield code="c">1</subfield>
      <subfield code="i">36105021909747</subfield>
      <subfield code="d">10/1/2007</subfield>
      <subfield code="e">11/9/2000</subfield>
      <subfield code="l">STACKS</subfield>
      <subfield code="m">TANNER</subfield>
      <subfield code="n">2</subfield>
      <subfield code="q">1</subfield>
      <subfield code="r">Y</subfield>
      <subfield code="s">Y</subfield>
      <subfield code="t">STKS-MONO</subfield>
      <subfield code="u">9/26/2000</subfield>
      <subfield code="x">RECYCLE</subfield>
      <subfield code="z">TAX=8.25</subfield>
      <subfield code="o">.TECHSTAFF. EDI receipt/i:eid10/20/2000/i:dcw</subfield>
    </datafield>
  </record>