
  <record>
    <leader>02385nam a2200421 a 4500</leader>
    <controlfield tag="001">a4823592</controlfield>
    <controlfield tag="008">020717s2001    dcuab    b   f000 0 eng c</controlfield>
    <datafield tag="245" ind1="1" ind2="0">
      <subfield code="a">Crown (Law) basement</subfield>
    </datafield>
    <datafield tag="999" ind1=" " ind2=" ">
      <subfield code="a">Y 4.G 74/7:G 21/10</subfield>
      <subfield code="w">SUDOC</subfield>
      <subfield code="c">1</subfield>
      <subfield code="i">36105063104488</subfield>
      <subfield code="d">6/13/2007</subfield>
      <subfield code="e">5/31/2007</subfield>
      <subfield code="l">BASEMENT</subfield>
      <subfield code="m">LAW</subfield>
      <subfield code="r">Y</subfield>
      <subfield code="s">Y</subfield>
      <subfield code="t">LAW-STKS</subfield>
      <subfield code="u">9/11/2002</subfield>
      <subfield code="x">MARCIVE</subfield>
      <subfield code="z">DIGI-SENT</subfield>
    </datafield>
  </record>