
  <record>
    <leader>04473cam a2200313Ia 4500</leader>
    <controlfield tag="001">a5666387</controlfield>
    <controlfield tag="008">040202s2003    fi g     b    100 0deng d</controlfield>
    <datafield tag="245" ind1="1" ind2="0">
      <subfield code="a">music stacks</subfield>
    </datafield>
    <datafield tag="999" ind1=" " ind2=" ">
      <subfield code="a">ML410 .S54 I58 2000</subfield>
      <subfield code="w">LC</subfield>
      <subfield code="c">1</subfield>
      <subfield code="i">36105114964369</subfield>
      <subfield code="d">6/23/2008</subfield>
      <subfield code="e">6/20/2008</subfield>
      <subfield code="l">STACKS</subfield>
      <subfield code="m">MUSIC</subfield>
      <subfield code="n">2</subfield>
      <subfield code="q">1</subfield>
      <subfield code="r">Y</subfield>
      <subfield code="s">Y</subfield>
      <subfield code="t">STKS</subfield>
      <subfield code="u">10/14/2004</subfield>
      <subfield code="z">TAX=8.25</subfield>
    </datafield>
  </record>