
  <record>
    <leader>00774cam a2200193Mi 45 0</leader>
    <controlfield tag="001">a6493823</controlfield>
    <controlfield tag="008">060502s2005    mx            000 0 spa d</controlfield>
    <datafield tag="245" ind1="1" ind2="3">
      <subfield code="a">SUL = Stanford University Libraries stacks</subfield>
    </datafield>
    <datafield tag="999" ind1=" " ind2=" ">
      <subfield code="a">F1356 .M464 2005</subfield>
      <subfield code="w">LC</subfield>
      <subfield code="c">1</subfield>
      <subfield code="i">36105122224160</subfield>
      <subfield code="d">8/8/2006</subfield>
      <subfield code="e">7/25/2006</subfield>
      <subfield code="l">STACKS</subfield>
      <subfield code="m">SUL</subfield>
      <subfield code="n">1</subfield>
      <subfield code="r">Y</subfield>
      <subfield code="s">Y</subfield>
      <subfield code="t">STKS-MONO</subfield>
      <subfield code="u">6/21/2006</subfield>
      <subfield code="x">RECYCLE</subfield>
      <subfield code="z">TAX=8.25</subfield>
    </datafield>
  </record>