
  <record>
    <leader>00771cam a22002171a 4500</leader>
    <controlfield tag="001">a6676531</controlfield>
    <controlfield tag="008">060727s1982    ja a          000 0ajpn  </controlfield>
    <datafield tag="245" ind1="1" ind2="0">
      <subfield code="a">east-asia japanese</subfield>
    </datafield>
    <datafield tag="999" ind1=" " ind2=" ">
      <subfield code="a">RD35 .H34 1982</subfield>
      <subfield code="w">LC</subfield>
      <subfield code="c">1</subfield>
      <subfield code="i">36105095758004</subfield>
      <subfield code="l">JAPANESE</subfield>
      <subfield code="m">EAST-ASIA</subfield>
      <subfield code="r">Y</subfield>
      <subfield code="s">Y</subfield>
      <subfield code="t">STKS-MONO</subfield>
      <subfield code="u">11/10/2006</subfield>
      <subfield code="z">TAX=8.25</subfield>
      <subfield code="o">.TECHSTAFF. COMMENT.Backstage Library Works recon 10/31/2006</subfield>
    </datafield>
  </record>