
  <record>
    <leader>00988nas a2200193z  4500</leader>
    <controlfield tag="001">a7117119</controlfield>
    <controlfield tag="008">071214uuuuuuuuuxx uu |ss    u|    |||| d</controlfield>
    <datafield tag="245" ind1="1" ind2=" ">
      <subfield code="a">SUL internet</subfield>
    </datafield>
    <datafield tag="999" ind1=" " ind2=" ">
      <subfield code="a">INTERNET RESOURCE</subfield>
      <subfield code="w">ASIS</subfield>
      <subfield code="c">1</subfield>
      <subfield code="i">7117119-1001</subfield>
      <subfield code="l">INTERNET</subfield>
      <subfield code="m">SUL</subfield>
      <subfield code="r">N</subfield>
      <subfield code="s">Y</subfield>
      <subfield code="t">SUL</subfield>
      <subfield code="u">12/15/2007</subfield>
      <subfield code="z">TAX=8.25</subfield>
    </datafield>
  </record>