
  <record>
    <leader>01102cam a2200289Li 4500</leader>
    <controlfield tag="001">a7233951</controlfield>
    <controlfield tag="008">980209s1851    ohu     s     00| 0 eng u</controlfield>
    <datafield tag="245" ind1="1" ind2="4">
      <subfield code="a">Lane (Medical)  ASK@LANE</subfield>
    </datafield>
    <datafield tag="999" ind1=" " ind2=" ">
      <subfield code="a">X578 .S64 1851</subfield>
      <subfield code="w">LC</subfield>
      <subfield code="c">1</subfield>
      <subfield code="i">LL124341</subfield>
      <subfield code="l">ASK@LANE</subfield>
      <subfield code="m">LANE-MED</subfield>
      <subfield code="r">N</subfield>
      <subfield code="s">Y</subfield>
      <subfield code="t">MEDICAL</subfield>
      <subfield code="u">3/30/2008</subfield>
    </datafield>
  </record>