
  <record>
    <leader>00719cam a2200241Li 4500</leader>
    <controlfield tag="001">a7370014</controlfield>
    <controlfield tag="008">980209s1969    sz            00| 0 ger u</controlfield>
    <datafield tag="245" ind1="1" ind2="0">
      <subfield code="a">LANE-MED stacks</subfield>
    </datafield>
    <datafield tag="999" ind1=" " ind2=" ">
      <subfield code="a">NO CALL NUMBER</subfield>
      <subfield code="w">LC</subfield>
      <subfield code="c">1</subfield>
      <subfield code="i">LL94379</subfield>
      <subfield code="l">STACKS</subfield>
      <subfield code="m">LANE-MED</subfield>
      <subfield code="r">N</subfield>
      <subfield code="s">Y</subfield>
      <subfield code="t">MEDICAL</subfield>
      <subfield code="u">3/30/2008</subfield>
    </datafield>
  </record>