
  <record>
    <leader>00880cam a2200229K  45 0</leader>
    <controlfield tag="001">a2222</controlfield>
    <controlfield tag="008">870518s1946    bl            000 0 por d</controlfield>
    <datafield tag="245" ind1="1" ind2="3">
      <subfield code="a">SPEC-DESK (Special Collections Loan Desk) --> Green</subfield>
    </datafield>
    <datafield tag="999" ind1=" " ind2=" ">
      <subfield code="a">S666 .P31 C6 1946</subfield>
      <subfield code="w">LC</subfield>
      <subfield code="c">1</subfield>
      <subfield code="i">36105129694373</subfield>
      <subfield code="l">STACKS</subfield>
      <subfield code="m">SPEC-DESK</subfield>
      <subfield code="r">Y</subfield>
      <subfield code="s">Y</subfield>
      <subfield code="t">STKS-MONO</subfield>
      <subfield code="u">8/4/2008</subfield>
    </datafield>
  </record>
</collection>